
    <zs:record>
      <zs:recordSchema/>
      <zs:recordPacking>xml</zs:recordPacking>
      <zs:recordData>
        <record xmlns="http://www.loc.gov/MARC21/slim">
          <leader>03874cjm a2200865 i 4500</leader>
          <controlfield tag="001">22850920</controlfield>
          <controlfield tag="005">20221103163012.0</controlfield>
          <controlfield tag="007">sd fsngnnmmned</controlfield>
          <controlfield tag="008">221103t19961996xxumun|  d        | eng d</controlfield>
          <datafield tag="906" ind1=" " ind2=" ">
            <subfield code="a">7</subfield>
            <subfield code="b">cbc</subfield>
            <subfield code="c">copycat</subfield>
            <subfield code="d">2</subfield>
            <subfield code="e">ncip</subfield>
            <subfield code="f">20</subfield>
            <subfield code="g">y-soundrec</subfield>
          </datafield>
          <datafield tag="925" ind1="0" ind2=" ">
            <subfield code="a">acquire</subfield>
            <subfield code="b">2 shelf copies</subfield>
            <subfield code="x">policy default</subfield>
          </datafield>
          <datafield tag="955" ind1=" " ind2=" ">
            <subfield code="a">qr27 2022-11-03 z-client</subfield>
            <subfield code="i">qr27 2022-11-03</subfield>
          </datafield>
          <datafield tag="010" ind1=" " ind2=" ">
            <subfield code="a">  2022624797</subfield>
          </datafield>
          <datafield tag="024" ind1="1" ind2=" ">
            <subfield code="a">731383577628</subfield>
          </datafield>
          <datafield tag="028" ind1="0" ind2="2">
            <subfield code="a">7313835776-2</subfield>
            <subfield code="b">Milan</subfield>
          </datafield>
          <datafield tag="028" ind1="0" ind2="2">
            <subfield code="a">35776-2</subfield>
            <subfield code="b">Milan</subfield>
            <subfield code="q">(bolded no. within longer no.)</subfield>
          </datafield>
          <datafield tag="035" ind1=" " ind2=" ">
            <subfield code="a">(OCoLC)ocm35840961</subfield>
          </datafield>
          <datafield tag="040" ind1=" " ind2=" ">
            <subfield code="a">RBP</subfield>
            <subfield code="b">eng</subfield>
            <subfield code="e">rda</subfield>
            <subfield code="c">RBP</subfield>
            <subfield code="d">BGU</subfield>
            <subfield code="d">OCLCQ</subfield>
            <subfield code="d">OCLCF</subfield>
            <subfield code="d">OCLCO</subfield>
            <subfield code="d">OCL</subfield>
            <subfield code="d">OCLCQ</subfield>
            <subfield code="d">OCLCO</subfield>
            <subfield code="d">OCLCQ</subfield>
            <subfield code="d">DLC</subfield>
          </datafield>
          <datafield tag="042" ind1=" " ind2=" ">
            <subfield code="a">lccopycat</subfield>
          </datafield>
          <datafield tag="047" ind1=" " ind2=" ">
            <subfield code="a">jz</subfield>
            <subfield code="a">mp</subfield>
            <subfield code="a">pp</subfield>
          </datafield>
          <datafield tag="050" ind1="0" ind2="0">
            <subfield code="a">SDD 59636</subfield>
          </datafield>
          <datafield tag="245" ind1="0" ind2="0">
            <subfield code="a">Ed's next move :</subfield>
            <subfield code="b">original motion picture soundtrack /</subfield>
            <subfield code="c">original score composed by Benny Golson.</subfield>
          </datafield>
          <datafield tag="264" ind1=" " ind2="1">
            <subfield code="a">[United States] :</subfield>
            <subfield code="b">Milan :</subfield>
            <subfield code="b">Orion Classics,</subfield>
            <subfield code="c">[1996]</subfield>
          </datafield>
          <datafield tag="264" ind1=" " ind2="2">
            <subfield code="a">[United States] :</subfield>
            <subfield code="b">Distributed by BMG Music</subfield>
          </datafield>
          <datafield tag="264" ind1=" " ind2="4">
            <subfield code="c">℗1996</subfield>
          </datafield>
          <datafield tag="300" ind1=" " ind2=" ">
            <subfield code="a">1 audio disc (41 min.) :</subfield>
            <subfield code="b">digital ;</subfield>
            <subfield code="c">4 3/4 in.</subfield>
          </datafield>
          <datafield tag="306" ind1=" " ind2=" ">
            <subfield code="a">004100</subfield>
          </datafield>
          <datafield tag="336" ind1=" " ind2=" ">
            <subfield code="a">performed music</subfield>
            <subfield code="b">prm</subfield>
            <subfield code="2">rdacontent</subfield>
          </datafield>
          <datafield tag="337" ind1=" " ind2=" ">
            <subfield code="a">audio</subfield>
            <subfield code="b">s</subfield>
            <subfield code="2">rdamedia</subfield>
          </datafield>
          <datafield tag="338" ind1=" " ind2=" ">
            <subfield code="a">audio disc</subfield>
            <subfield code="b">sd</subfield>
            <subfield code="2">rdacarrier</subfield>
          </datafield>
          <datafield tag="344" ind1=" " ind2=" ">
            <subfield code="a">digital</subfield>
            <subfield code="2">rdatr</subfield>
          </datafield>
          <datafield tag="344" ind1=" " ind2=" ">
            <subfield code="b">optical</subfield>
            <subfield code="2">rdarm</subfield>
          </datafield>
          <datafield tag="344" ind1=" " ind2=" ">
            <subfield code="c">1.4 m/s</subfield>
          </datafield>
          <datafield tag="344" ind1=" " ind2=" ">
            <subfield code="g">stereo</subfield>
            <subfield code="2">rdacpc</subfield>
          </datafield>
          <datafield tag="347" ind1=" " ind2=" ">
            <subfield code="a">audio file</subfield>
            <subfield code="2">rdaft</subfield>
          </datafield>
          <datafield tag="347" ind1=" " ind2=" ">
            <subfield code="b">CD audio</subfield>
          </datafield>
          <datafield tag="500" ind1=" " ind2=" ">
            <subfield code="a">Title from disc label.</subfield>
          </datafield>
          <datafield tag="511" ind1="0" ind2=" ">
            <subfield code="a">The Comedians (track 1) ; Benny Golson (tracks 2-3, 5, 7-8,12, 15) ; Stubborn All-Stars (track 4) ; Ed's Redeeming Qualities (tracks 6, 10, 14, 16) ; The Trouble Dolls (track 9) ; Jane Kelly Williams (track 11) ; Mr. Henry (track 13).</subfield>
          </datafield>
          <datafield tag="508" ind1=" " ind2=" ">
            <subfield code="a">Producer, Doug Bernheim ; executive producers, John Walsh and Sally Roy ; engineer, Jim Czak.</subfield>
          </datafield>
          <datafield tag="518" ind1=" " ind2=" ">
            <subfield code="a">Recorded</subfield>
            <subfield code="p">Nola Recording Studios, New York, N.Y.</subfield>
          </datafield>
          <datafield tag="500" ind1=" " ind2=" ">
            <subfield code="a">Program notes by film director John Walsh and selected song lyrics on insert.</subfield>
          </datafield>
          <datafield tag="505" ind1="0" ind2=" ">
            <subfield code="a">Tea and sympathy (The Comedians) -- Manhattan bound / Benny Golson -- Looking for a home / Benny Golson -- Look away (Stubborn All-Stars) -- City walking / Benny Golson -- Spoken word (Ed's Redeeming Qualities) -- Morning groove / Benny Golson -- Something there / Benny Golson -- Planet Robin (The Trouble Dolls) -- She ate the fly (Ed's Redeeming Qualities) -- I'm just feelin' it now (Jane Kelly Williams) -- Rough at first / Benny Golson -- Lonesome bus (Mr. Henry) -- Buck tempo (Ed's Redeeming Qualities) -- Another turn in the road / Benny Golson -- More bad times (Ed's Redeeming Qualities).</subfield>
          </datafield>
          <datafield tag="650" ind1=" " ind2="0">
            <subfield code="a">Motion picture music.</subfield>
          </datafield>
          <datafield tag="650" ind1=" " ind2="0">
            <subfield code="a">Jazz</subfield>
            <subfield code="y">1991-2000.</subfield>
          </datafield>
          <datafield tag="650" ind1=" " ind2="0">
            <subfield code="a">Popular music</subfield>
            <subfield code="y">1991-2000.</subfield>
          </datafield>
          <datafield tag="650" ind1=" " ind2="6">
            <subfield code="a">Film, Musique de</subfield>
            <subfield code="v">Extraits.</subfield>
          </datafield>
          <datafield tag="650" ind1=" " ind2="6">
            <subfield code="a">Musique populaire</subfield>
            <subfield code="y">1991-2000.</subfield>
          </datafield>
          <datafield tag="655" ind1=" " ind2="7">
            <subfield code="a">Motion picture music.</subfield>
            <subfield code="2">lcgft</subfield>
          </datafield>
          <datafield tag="655" ind1=" " ind2="7">
            <subfield code="a">Jazz.</subfield>
            <subfield code="2">lcgft</subfield>
          </datafield>
          <datafield tag="655" ind1=" " ind2="7">
            <subfield code="a">Popular music.</subfield>
            <subfield code="2">lcgft</subfield>
          </datafield>
          <datafield tag="655" ind1=" " ind2="7">
            <subfield code="a">Songs.</subfield>
            <subfield code="2">lcgft</subfield>
          </datafield>
          <datafield tag="700" ind1="1" ind2=" ">
            <subfield code="a">Golson, Benny,</subfield>
            <subfield code="e">performer,</subfield>
            <subfield code="e">composer.</subfield>
          </datafield>
          <datafield tag="700" ind1="1" ind2=" ">
            <subfield code="a">Williams, Jane Kelly,</subfield>
            <subfield code="e">performer.</subfield>
          </datafield>
          <datafield tag="710" ind1="2" ind2=" ">
            <subfield code="a">Comedians (Musical group),</subfield>
            <subfield code="e">performer.</subfield>
          </datafield>
          <datafield tag="710" ind1="2" ind2=" ">
            <subfield code="a">Stubborn All-Stars (Musical group),</subfield>
            <subfield code="e">performer.</subfield>
          </datafield>
          <datafield tag="710" ind1="2" ind2=" ">
            <subfield code="a">Ed's Redeeming Qualities (Musical group),</subfield>
            <subfield code="e">performer.</subfield>
          </datafield>
          <datafield tag="710" ind1="2" ind2=" ">
            <subfield code="a">Trouble Dolls (Musical group),</subfield>
            <subfield code="e">performer.</subfield>
          </datafield>
          <datafield tag="710" ind1="2" ind2=" ">
            <subfield code="a">Mr. Henry (Musical group),</subfield>
            <subfield code="e">performer.</subfield>
          </datafield>
          <datafield tag="730" ind1="0" ind2=" ">
            <subfield code="i">Music for motion picture (work):</subfield>
            <subfield code="a">Ed's next move (Motion picture)</subfield>
          </datafield>
          <datafield tag="740" ind1="0" ind2="2">
            <subfield code="a">Tea and sympathy.</subfield>
          </datafield>
          <datafield tag="740" ind1="0" ind2="2">
            <subfield code="a">Manhattan bound.</subfield>
          </datafield>
          <datafield tag="740" ind1="0" ind2="2">
            <subfield code="a">Looking for a home.</subfield>
          </datafield>
          <datafield tag="740" ind1="0" ind2="2">
            <subfield code="a">Look away.</subfield>
          </datafield>
          <datafield tag="740" ind1="0" ind2="2">
            <subfield code="a">City walking.</subfield>
          </datafield>
          <datafield tag="740" ind1="0" ind2="2">
            <subfield code="a">sound word.</subfield>
          </datafield>
          <datafield tag="740" ind1="0" ind2="2">
            <subfield code="a">Morning groove.</subfield>
          </datafield>
          <datafield tag="740" ind1="0" ind2="2">
            <subfield code="a">Something there.</subfield>
          </datafield>
          <datafield tag="740" ind1="0" ind2="2">
            <subfield code="a">Planet Robin.</subfield>
          </datafield>
          <datafield tag="740" ind1="0" ind2="2">
            <subfield code="a">She ate the fly.</subfield>
          </datafield>
          <datafield tag="740" ind1="0" ind2="2">
            <subfield code="a">I'm just feelin' it now.</subfield>
          </datafield>
          <datafield tag="740" ind1="0" ind2="2">
            <subfield code="a">Rough at first.</subfield>
          </datafield>
          <datafield tag="740" ind1="0" ind2="2">
            <subfield code="a">Lonesome bus.</subfield>
          </datafield>
          <datafield tag="740" ind1="0" ind2="2">
            <subfield code="a">Buck tempo.</subfield>
          </datafield>
          <datafield tag="740" ind1="0" ind2="2">
            <subfield code="a">Another turn in the road.</subfield>
          </datafield>
          <datafield tag="740" ind1="0" ind2="2">
            <subfield code="a">More bad times.</subfield>
          </datafield>
        </record>
      </zs:recordData>
      <zs:recordPosition>6</zs:recordPosition>
    </zs:record>