
    <zs:record>
      <zs:recordSchema/>
      <zs:recordPacking>xml</zs:recordPacking>
      <zs:recordData>
        <record xmlns="http://www.loc.gov/MARC21/slim">
          <leader>02787cam a2200301 a 4500</leader>
          <controlfield tag="001">16547470</controlfield>
          <controlfield tag="005">20200304145009.0</controlfield>
          <controlfield tag="008">101119s2011    vtua     b    001 0 eng  </controlfield>
          <datafield tag="906" ind1=" " ind2=" ">
            <subfield code="a">7</subfield>
            <subfield code="b">cbc</subfield>
            <subfield code="c">orignew</subfield>
            <subfield code="d">1</subfield>
            <subfield code="e">ecip</subfield>
            <subfield code="f">20</subfield>
            <subfield code="g">y-gencatlg</subfield>
          </datafield>
          <datafield tag="925" ind1="0" ind2=" ">
            <subfield code="a">acquire</subfield>
            <subfield code="b">1 shelf copy</subfield>
            <subfield code="x">policy default</subfield>
          </datafield>
          <datafield tag="955" ind1=" " ind2=" ">
            <subfield code="b">xg04 2010-11-19 telework</subfield>
            <subfield code="i">xg04 2010-11-19 telework to xg08</subfield>
            <subfield code="a">xg08 2010-11-22 (rev)</subfield>
            <subfield code="a">xg04 2010-11-22 to Dewey</subfield>
            <subfield code="w">rd05 2010-11-22</subfield>
            <subfield code="a">xg13 2011-09-21 1 copy rec'd., to CIP ver.</subfield>
            <subfield code="f">xg11 2011-09-26 to LL</subfield>
            <subfield code="t">xg20 2011-09-28 copy 2 added</subfield>
          </datafield>
          <datafield tag="010" ind1=" " ind2=" ">
            <subfield code="a">  2010047887</subfield>
          </datafield>
          <datafield tag="020" ind1=" " ind2=" ">
            <subfield code="a">9781409405313 (hardback)</subfield>
          </datafield>
          <datafield tag="020" ind1=" " ind2=" ">
            <subfield code="a">9781409405320 (ebook)</subfield>
          </datafield>
          <datafield tag="040" ind1=" " ind2=" ">
            <subfield code="a">DLC</subfield>
            <subfield code="c">DLC</subfield>
            <subfield code="d">DLC</subfield>
          </datafield>
          <datafield tag="042" ind1=" " ind2=" ">
            <subfield code="a">pcc</subfield>
          </datafield>
          <datafield tag="050" ind1="0" ind2="0">
            <subfield code="a">K639</subfield>
            <subfield code="b">.H86 2011</subfield>
          </datafield>
          <datafield tag="082" ind1="0" ind2="0">
            <subfield code="a">323.3/52</subfield>
            <subfield code="2">22</subfield>
          </datafield>
          <datafield tag="245" ind1="0" ind2="4">
            <subfield code="a">The human rights of children :</subfield>
            <subfield code="b">from visions to implementation /</subfield>
            <subfield code="c">edited by Antonella Invernizzi, Jane Williams.</subfield>
          </datafield>
          <datafield tag="260" ind1=" " ind2=" ">
            <subfield code="a">Burlington, VT :</subfield>
            <subfield code="b">Ashgate Pub,</subfield>
            <subfield code="c">c2011.</subfield>
          </datafield>
          <datafield tag="300" ind1=" " ind2=" ">
            <subfield code="a">xvi, 354 p. :</subfield>
            <subfield code="b">ill. ;</subfield>
            <subfield code="c">24cm.</subfield>
          </datafield>
          <datafield tag="504" ind1=" " ind2=" ">
            <subfield code="a">Includes bibliographical references and index.</subfield>
          </datafield>
          <datafield tag="505" ind1="0" ind2=" ">
            <subfield code="a">The value and values of children's rights / Michael Freeman -- Are children's rights still human? / Nigel Cantwell -- Understanding a human rights based approach to matters involving children : conceptual foundations and strategic considerations / John Tobin -- The CRC : dynamics and directions of monitoring and implementation / Jaap E. Doek -- Acknowledging children as international citizens : a child-sensitive communication mechanism for the convention on the rights of the child / Geraldine Van Bueren -- Has research improved the human rights of children or have the information needs of the CRC improved data about children? / Judith Ennew -- How are the human rights of children related to research methodology? / Harriot Beazley, Sharon Bessell, Judith Ennew and Roxana Waterson -- Using the Convention on the Rights of the Child in law and policy : two ways to improve / Ursula Kilkelly -- Using the CRC to inform EU law and policy-making / Helen Stalford and Eleanor Drywood -- The roles of independent human rights institutions in implementing the CRC / Brian Gran -- Multi-level governance and CRC implementation / Jane Williams -- Human rights and child poverty in the UK : time for change / Rhian Croke and Anne Crowley -- An exploration of the discrimination-rights dynamic in relation to children / Elspeth Webb -- Child health equity : from theory to reality / Jeffrey Goldhagen and Raúl Mercer -- Our rights, our story : Funky Dragon's report to the United Nations Committee on the rights of the child / Funky Dragon.</subfield>
          </datafield>
          <datafield tag="650" ind1=" " ind2="0">
            <subfield code="a">Children's rights.</subfield>
          </datafield>
          <datafield tag="650" ind1=" " ind2="0">
            <subfield code="a">Children</subfield>
            <subfield code="x">Legal status, laws, etc.</subfield>
          </datafield>
          <datafield tag="630" ind1="0" ind2="0">
            <subfield code="a">Convention on the Rights of the Child</subfield>
            <subfield code="d">(1989 November 20)</subfield>
          </datafield>
          <datafield tag="700" ind1="1" ind2=" ">
            <subfield code="a">Invernizzi, Antonella.</subfield>
          </datafield>
          <datafield tag="700" ind1="1" ind2=" ">
            <subfield code="a">Williams, Jane</subfield>
            <subfield code="q">(Jane M.)</subfield>
          </datafield>
        </record>
      </zs:recordData>
      <zs:recordPosition>8</zs:recordPosition>
    </zs:record>