
    <zs:record>
      <zs:recordSchema/>
      <zs:recordPacking>xml</zs:recordPacking>
      <zs:recordData>
        <record xmlns="http://www.loc.gov/MARC21/slim">
          <leader>01746cam a2200313 a 4500</leader>
          <controlfield tag="001">14567172</controlfield>
          <controlfield tag="005">20131125114708.0</controlfield>
          <controlfield tag="008">060925s1852    vau           000 0 eng  </controlfield>
          <datafield tag="906" ind1=" " ind2=" ">
            <subfield code="a">7</subfield>
            <subfield code="b">cbc</subfield>
            <subfield code="c">orignew</subfield>
            <subfield code="d">2</subfield>
            <subfield code="e">ncip</subfield>
            <subfield code="f">20</subfield>
            <subfield code="g">y-genrareb</subfield>
          </datafield>
          <datafield tag="955" ind1=" " ind2=" ">
            <subfield code="a">vj15 2006-09-25</subfield>
            <subfield code="i">vj15 2005-09-25</subfield>
            <subfield code="e">vj15 2006-09-25</subfield>
          </datafield>
          <datafield tag="010" ind1=" " ind2=" ">
            <subfield code="a">  2006590702</subfield>
          </datafield>
          <datafield tag="040" ind1=" " ind2=" ">
            <subfield code="a">DLC</subfield>
            <subfield code="c">DLC</subfield>
          </datafield>
          <datafield tag="043" ind1=" " ind2=" ">
            <subfield code="a">n-us-va</subfield>
          </datafield>
          <datafield tag="050" ind1="0" ind2="0">
            <subfield code="a">KF223.W497</subfield>
            <subfield code="b">P37 1852</subfield>
          </datafield>
          <datafield tag="245" ind1="0" ind2="0">
            <subfield code="a">Particulars of the dreadful tragedy in Richmond on the morning of the 19th July, 1852 :</subfield>
            <subfield code="b">being a full account of the awful murder of the Winston family : embracing all the particulars of the discovery of the bloody victims, the testimony before the coroner's jury, and the evidence on the final trials of the murderess and murderer, Jane and John Williams : their sentence, confessions, and execution upon the gallows, together with the funeral sermon of the Rev. Mr. Moore on the death of Mrs. Winston and daughter, and the sermon of the Rev. Robert Ryland on the subject of the murders.</subfield>
          </datafield>
          <datafield tag="260" ind1=" " ind2=" ">
            <subfield code="a">Richmond :</subfield>
            <subfield code="b">John D. Hammersley,</subfield>
            <subfield code="c">1852.</subfield>
          </datafield>
          <datafield tag="300" ind1=" " ind2=" ">
            <subfield code="a">40 p. ;</subfield>
            <subfield code="c">22 cm.</subfield>
          </datafield>
          <datafield tag="500" ind1=" " ind2=" ">
            <subfield code="a">On the murder of Joseph P. Winson, his wife Virginia B. Winston, and their infant daughter.</subfield>
          </datafield>
          <datafield tag="600" ind1="1" ind2="0">
            <subfield code="a">Williams, Jane,</subfield>
            <subfield code="d">-1852</subfield>
            <subfield code="v">Trials, litigation, etc.</subfield>
          </datafield>
          <datafield tag="600" ind1="1" ind2="0">
            <subfield code="a">Williams, John,</subfield>
            <subfield code="d">-1852</subfield>
            <subfield code="v">Trials, litigation, etc.</subfield>
          </datafield>
          <datafield tag="600" ind1="1" ind2="0">
            <subfield code="a">Winston, Joseph P.,</subfield>
            <subfield code="d">-1852.</subfield>
          </datafield>
          <datafield tag="600" ind1="1" ind2="0">
            <subfield code="a">Winston, Virginia B.,</subfield>
            <subfield code="d">-1852.</subfield>
          </datafield>
          <datafield tag="650" ind1=" " ind2="0">
            <subfield code="a">Trials (Murder)</subfield>
            <subfield code="z">Virginia</subfield>
            <subfield code="z">Richmond.</subfield>
          </datafield>
          <datafield tag="650" ind1=" " ind2="0">
            <subfield code="a">Murder</subfield>
            <subfield code="z">Virginia</subfield>
            <subfield code="z">Richmond.</subfield>
          </datafield>
          <datafield tag="700" ind1="1" ind2=" ">
            <subfield code="a">Williams, Jane,</subfield>
            <subfield code="d">-1852.</subfield>
          </datafield>
          <datafield tag="700" ind1="1" ind2=" ">
            <subfield code="a">Williams, John,</subfield>
            <subfield code="d">-1852.</subfield>
          </datafield>
          <datafield tag="700" ind1="1" ind2=" ">
            <subfield code="a">Moore, T. V.</subfield>
            <subfield code="q">(Thomas Verner),</subfield>
            <subfield code="d">1818-1871.</subfield>
          </datafield>
          <datafield tag="700" ind1="1" ind2=" ">
            <subfield code="a">Ryland, Robert,</subfield>
            <subfield code="d">1805-1899.</subfield>
          </datafield>
          <datafield tag="952" ind1=" " ind2=" ">
            <subfield code="a">Formerly shelved under: LAW &lt;TRIALS A &amp; E Williams 1852&gt; LLRBR</subfield>
          </datafield>
        </record>
      </zs:recordData>
      <zs:recordPosition>10</zs:recordPosition>
    </zs:record>