
    <zs:record>
      <zs:recordSchema/>
      <zs:recordPacking>xml</zs:recordPacking>
      <zs:recordData>
        <record xmlns="http://www.loc.gov/MARC21/slim">
          <leader>02803cam a2200457 i 4500</leader>
          <controlfield tag="001">20764139</controlfield>
          <controlfield tag="005">20231005075902.0</controlfield>
          <controlfield tag="006">m    |o  d |      </controlfield>
          <controlfield tag="007">cr_|||||||||||</controlfield>
          <controlfield tag="008">181203s2019    nju     ob    001 0 eng  </controlfield>
          <datafield tag="906" ind1=" " ind2=" ">
            <subfield code="a">7</subfield>
            <subfield code="b">cbc</subfield>
            <subfield code="c">origcop</subfield>
            <subfield code="d">1</subfield>
            <subfield code="e">ecip</subfield>
            <subfield code="f">20</subfield>
            <subfield code="g">y-gencatlg</subfield>
          </datafield>
          <datafield tag="925" ind1="0" ind2=" ">
            <subfield code="a">acquire</subfield>
            <subfield code="e">ecip book</subfield>
            <subfield code="x">policy default</subfield>
          </datafield>
          <datafield tag="955" ind1=" " ind2=" ">
            <subfield code="a">ecip ebook 2018-12-03</subfield>
            <subfield code="f">rl02 2020-04-20 (TW Situational) book rec'd</subfield>
            <subfield code="r">rl15 2023-10-05 corrected AAP</subfield>
          </datafield>
          <datafield tag="010" ind1=" " ind2=" ">
            <subfield code="a">  2018057605</subfield>
          </datafield>
          <datafield tag="020" ind1=" " ind2=" ">
            <subfield code="a">9781119111467 (AdobePDF)</subfield>
          </datafield>
          <datafield tag="020" ind1=" " ind2=" ">
            <subfield code="a">9781119111474 (ePub)</subfield>
          </datafield>
          <datafield tag="020" ind1=" " ind2=" ">
            <subfield code="z">9781119111450 (pbk.)</subfield>
          </datafield>
          <datafield tag="040" ind1=" " ind2=" ">
            <subfield code="a">DLC</subfield>
            <subfield code="b">eng</subfield>
            <subfield code="e">rda</subfield>
            <subfield code="c">DLC</subfield>
            <subfield code="d">DLC</subfield>
          </datafield>
          <datafield tag="042" ind1=" " ind2=" ">
            <subfield code="a">pcc</subfield>
          </datafield>
          <datafield tag="050" ind1="0" ind2="0">
            <subfield code="a">RC388.5</subfield>
          </datafield>
          <datafield tag="060" ind1="1" ind2="0">
            <subfield code="a">WY 152.5</subfield>
          </datafield>
          <datafield tag="082" ind1="0" ind2="0">
            <subfield code="a">616.8/10231</subfield>
            <subfield code="2">23</subfield>
          </datafield>
          <datafield tag="130" ind1="0" ind2=" ">
            <subfield code="a">Acute stroke nursing</subfield>
          </datafield>
          <datafield tag="245" ind1="1" ind2="0">
            <subfield code="a">Stroke nursing /</subfield>
            <subfield code="c">edited by Jane Williams, Lin Perry, Caroline Watkins.</subfield>
          </datafield>
          <datafield tag="250" ind1=" " ind2=" ">
            <subfield code="a">Second edition.</subfield>
          </datafield>
          <datafield tag="264" ind1=" " ind2="1">
            <subfield code="a">Hoboken, NJ :</subfield>
            <subfield code="b">Wiley-Blackwell,</subfield>
            <subfield code="c">2019.</subfield>
          </datafield>
          <datafield tag="300" ind1=" " ind2=" ">
            <subfield code="a">1 online resource.</subfield>
          </datafield>
          <datafield tag="336" ind1=" " ind2=" ">
            <subfield code="a">text</subfield>
            <subfield code="b">txt</subfield>
            <subfield code="2">rdacontent</subfield>
          </datafield>
          <datafield tag="337" ind1=" " ind2=" ">
            <subfield code="a">computer</subfield>
            <subfield code="b">c</subfield>
            <subfield code="2">rdamedia</subfield>
          </datafield>
          <datafield tag="338" ind1=" " ind2=" ">
            <subfield code="a">online resource</subfield>
            <subfield code="b">cr</subfield>
            <subfield code="2">rdacarrier</subfield>
          </datafield>
          <datafield tag="500" ind1=" " ind2=" ">
            <subfield code="a">Preceded by: Acute stroke nursing / edited by Jane Williams, Lin Perry, Caroline Watkins. 2010.</subfield>
          </datafield>
          <datafield tag="504" ind1=" " ind2=" ">
            <subfield code="a">Includes bibliographical references and index.</subfield>
          </datafield>
          <datafield tag="505" ind1="0" ind2=" ">
            <subfield code="a">Setting the scene / Caroline Watkins and Dominique Cadilhac -- What is a stroke? / Anne W. Alexandrov -- Reducing the risk of stroke / Josephine Gibson and Stephanie Jones -- Acute stroke nursing management / Anne W. Alexandrov -- Nutritional aspects of stroke care / Lin Perry and Elizabeth Boaden -- Oral care after stroke / Mary Lyons -- Communication / Jane Marshall, Katerina Hilari, Madeline Cruice, and Kirsty Harrison -- Management of physical impairments post-stroke / Cherry Kilbride, Rosie Kneafsey, and Vicky Kean -- Rehabilitation and recovery processes / Jane Williams and Julie Pryor -- Promoting continence / Kathryn Getliffe and Lois Thomas --Emotional and cognitive changes following a stroke / Peter Knapp and Elizabeth Lightbody -- Stroke and palliative care : taking ownership / Clare Thetford, Munirah Bangee, Elizabeth Lightbody, and Caroline Watkins -- Minimally responsive stroke patients / Elaine Pierce -- Longer-term support for survivors of stroke and their carers / Judith Redfern, Clare Gordon, and Dominique Cadilhac.</subfield>
          </datafield>
          <datafield tag="588" ind1=" " ind2=" ">
            <subfield code="a">Description based on print version record and CIP data provided by publisher.</subfield>
          </datafield>
          <datafield tag="650" ind1="1" ind2="2">
            <subfield code="a">Stroke</subfield>
            <subfield code="x">nursing</subfield>
          </datafield>
          <datafield tag="650" ind1="2" ind2="2">
            <subfield code="a">Evidence-Based Nursing</subfield>
          </datafield>
          <datafield tag="700" ind1="1" ind2=" ">
            <subfield code="a">Williams, Jane</subfield>
            <subfield code="q">(Jane E.),</subfield>
            <subfield code="e">editor.</subfield>
          </datafield>
          <datafield tag="700" ind1="1" ind2=" ">
            <subfield code="a">Perry, Lin,</subfield>
            <subfield code="e">editor.</subfield>
          </datafield>
          <datafield tag="700" ind1="1" ind2=" ">
            <subfield code="a">Watkins, Caroline</subfield>
            <subfield code="q">(Caroline Leigh),</subfield>
            <subfield code="e">editor.</subfield>
          </datafield>
          <datafield tag="952" ind1=" " ind2=" ">
            <subfield code="a">To LC: Prev. ed. LCCN 2009029833</subfield>
          </datafield>
          <datafield tag="952" ind1=" " ind2=" ">
            <subfield code="a">To LC: Email from publisher, November 23, 2018 confirmed the title of the previous edition as Acute stroke nursing.</subfield>
          </datafield>
        </record>
      </zs:recordData>
      <zs:recordPosition>11</zs:recordPosition>
    </zs:record>