
    <zs:record>
      <zs:recordSchema/>
      <zs:recordPacking>xml</zs:recordPacking>
      <zs:recordData>
        <record xmlns="http://www.loc.gov/MARC21/slim">
          <leader>02180cam a2200349 a 4500</leader>
          <controlfield tag="001">13903752</controlfield>
          <controlfield tag="005">20100504115620.0</controlfield>
          <controlfield tag="008">050317s2005    cau    j b    001 0 eng  </controlfield>
          <datafield tag="906" ind1=" " ind2=" ">
            <subfield code="a">7</subfield>
            <subfield code="b">cbc orignew</subfield>
            <subfield code="d">1</subfield>
            <subfield code="e">ecip</subfield>
            <subfield code="f">20</subfield>
            <subfield code="g">y-gencatlg</subfield>
          </datafield>
          <datafield tag="925" ind1="0" ind2=" ">
            <subfield code="a">acquire</subfield>
            <subfield code="b">1 shelf copy</subfield>
            <subfield code="x">policy default</subfield>
            <subfield code="e">claim1  2010-02-05</subfield>
          </datafield>
          <datafield tag="955" ind1=" " ind2=" ">
            <subfield code="a">sb06 2005-03-17</subfield>
            <subfield code="i">sb06 2005-03-17</subfield>
            <subfield code="e">sb08 2005-03-18 to Dewey</subfield>
            <subfield code="a">aa08 2005-03-18</subfield>
            <subfield code="a">xe04 2010-03-01 1 copy rec'd., to CIP ver.</subfield>
            <subfield code="f">xj06 2010-03-16 to BCCD</subfield>
            <subfield code="a">Barcode 00240580214 returned from bindery 2010-05-04</subfield>
          </datafield>
          <datafield tag="010" ind1=" " ind2=" ">
            <subfield code="a">  2005007571</subfield>
          </datafield>
          <datafield tag="020" ind1=" " ind2=" ">
            <subfield code="a">0942617355 (alk. paper)</subfield>
          </datafield>
          <datafield tag="020" ind1=" " ind2=" ">
            <subfield code="a">9780942617351 (alk. paper)</subfield>
          </datafield>
          <datafield tag="040" ind1=" " ind2=" ">
            <subfield code="a">DLC</subfield>
            <subfield code="c">DLC</subfield>
            <subfield code="d">DLC</subfield>
          </datafield>
          <datafield tag="042" ind1=" " ind2=" ">
            <subfield code="a">pcc</subfield>
          </datafield>
          <datafield tag="043" ind1=" " ind2=" ">
            <subfield code="a">n-us---</subfield>
          </datafield>
          <datafield tag="050" ind1="0" ind2="0">
            <subfield code="a">HB501</subfield>
            <subfield code="b">.H473 2005</subfield>
          </datafield>
          <datafield tag="082" ind1="0" ind2="0">
            <subfield code="a">330.12/2</subfield>
            <subfield code="2">22</subfield>
          </datafield>
          <datafield tag="100" ind1="1" ind2=" ">
            <subfield code="a">Hess, Karl,</subfield>
            <subfield code="d">1923-</subfield>
          </datafield>
          <datafield tag="245" ind1="1" ind2="0">
            <subfield code="a">Capitalism for kids :</subfield>
            <subfield code="b">growing up to be your own boss /</subfield>
            <subfield code="c">by Karl Hess ; revised, edited, and with an introduction by Jane A. Williams.</subfield>
          </datafield>
          <datafield tag="260" ind1=" " ind2=" ">
            <subfield code="a">Placerville, CA :</subfield>
            <subfield code="b">Bluestocking Press,</subfield>
            <subfield code="c">c2005.</subfield>
          </datafield>
          <datafield tag="300" ind1=" " ind2=" ">
            <subfield code="a">191 p. ;</subfield>
            <subfield code="c">22 cm.</subfield>
          </datafield>
          <datafield tag="520" ind1=" " ind2=" ">
            <subfield code="a">"Presents an explanation of capitalism, democratic socialism, socialism, communism, and totalitarianism. Includes a self-test so readers can determine if they have the personality and temperament to be entrepreneurs. Discusses entrepreneurship, investments, and the market economy. Suggests a variety of small business and volunteer ideas. Discusses educational options"--Provided by publisher.</subfield>
          </datafield>
          <datafield tag="504" ind1=" " ind2=" ">
            <subfield code="a">Includes bibliographical references and index.</subfield>
          </datafield>
          <datafield tag="505" ind1="0" ind2=" ">
            <subfield code="a">Money and you -- What kind of person are you? -- Capitalism and other isms -- The wonderful world of work -- Opportunity and the computer -- The family that works together -- Investing time and dollars -- Are you a volunteer? -- Education, experience, and enterprise -- Laws, liability, and licenses -- Words of wisdom.</subfield>
          </datafield>
          <datafield tag="650" ind1=" " ind2="0">
            <subfield code="a">Capitalism</subfield>
            <subfield code="z">United States</subfield>
            <subfield code="v">Juvenile literature.</subfield>
          </datafield>
          <datafield tag="650" ind1=" " ind2="0">
            <subfield code="a">Entrepreneurship</subfield>
            <subfield code="z">United States</subfield>
            <subfield code="v">Juvenile literature.</subfield>
          </datafield>
          <datafield tag="650" ind1=" " ind2="0">
            <subfield code="a">Liberty</subfield>
            <subfield code="v">Juvenile literature.</subfield>
          </datafield>
          <datafield tag="650" ind1=" " ind2="0">
            <subfield code="a">Free enterprise</subfield>
            <subfield code="v">Juvenile literature.</subfield>
          </datafield>
          <datafield tag="700" ind1="1" ind2=" ">
            <subfield code="a">Williams, Jane A.,</subfield>
            <subfield code="d">1950-</subfield>
          </datafield>
          <datafield tag="856" ind1="4" ind2="1">
            <subfield code="3">Table of contents</subfield>
            <subfield code="u">http://www.loc.gov/catdir/toc/ecip059/2005007571.html</subfield>
          </datafield>
        </record>
      </zs:recordData>
      <zs:recordPosition>16</zs:recordPosition>
    </zs:record>