
    <zs:record>
      <zs:recordSchema/>
      <zs:recordPacking>xml</zs:recordPacking>
      <zs:recordData>
        <record xmlns="http://www.loc.gov/MARC21/slim">
          <leader>02559cam a22003854a 4500</leader>
          <controlfield tag="001">13457331</controlfield>
          <controlfield tag="005">20050125095913.0</controlfield>
          <controlfield tag="008">040114s2004    caua   d b    001 0 eng  </controlfield>
          <datafield tag="906" ind1=" " ind2=" ">
            <subfield code="a">7</subfield>
            <subfield code="b">cbc</subfield>
            <subfield code="c">orignew</subfield>
            <subfield code="d">1</subfield>
            <subfield code="e">ecip</subfield>
            <subfield code="f">20</subfield>
            <subfield code="g">y-gencatlg</subfield>
          </datafield>
          <datafield tag="925" ind1="0" ind2=" ">
            <subfield code="a">acquire</subfield>
            <subfield code="b">2 shelf copies</subfield>
            <subfield code="x">policy default</subfield>
          </datafield>
          <datafield tag="955" ind1=" " ind2=" ">
            <subfield code="a">sd39 2004-01-14;</subfield>
            <subfield code="i">sd39 2004-01-14 to SL;</subfield>
            <subfield code="e">SD77 2004-01-14 to DEWEY</subfield>
            <subfield code="a">aa19 2004-01-14</subfield>
            <subfield code="a">ps02 2005-01-12 1 copy rec'd., to CIP ver.</subfield>
            <subfield code="f">se05 2005-01-25</subfield>
            <subfield code="g">se05 2005-01-25 To BCCD</subfield>
          </datafield>
          <datafield tag="010" ind1=" " ind2=" ">
            <subfield code="a">  2004000121</subfield>
          </datafield>
          <datafield tag="020" ind1=" " ind2=" ">
            <subfield code="a">094261738X (alk. paper)</subfield>
          </datafield>
          <datafield tag="040" ind1=" " ind2=" ">
            <subfield code="a">DLC</subfield>
            <subfield code="c">DLC</subfield>
            <subfield code="d">DLC</subfield>
          </datafield>
          <datafield tag="042" ind1=" " ind2=" ">
            <subfield code="a">pcc</subfield>
          </datafield>
          <datafield tag="043" ind1=" " ind2=" ">
            <subfield code="a">n-us---</subfield>
          </datafield>
          <datafield tag="050" ind1="0" ind2="0">
            <subfield code="a">HB74.5</subfield>
            <subfield code="b">.M39 2004</subfield>
          </datafield>
          <datafield tag="082" ind1="0" ind2="0">
            <subfield code="a">332.024</subfield>
            <subfield code="2">22</subfield>
          </datafield>
          <datafield tag="100" ind1="1" ind2=" ">
            <subfield code="a">Maybury, Rick.</subfield>
          </datafield>
          <datafield tag="245" ind1="1" ind2="0">
            <subfield code="a">Uncle Eric talks about personal, career, and financial security /</subfield>
            <subfield code="c">by Richard J. Maybury (Uncle Eric); edited by Jane A. Williams and Kathryn Daniels.</subfield>
          </datafield>
          <datafield tag="250" ind1=" " ind2=" ">
            <subfield code="a">2nd ed., extensively revised and expanded.</subfield>
          </datafield>
          <datafield tag="260" ind1=" " ind2=" ">
            <subfield code="a">Placerville, CA :</subfield>
            <subfield code="b">Bluestocking Press,</subfield>
            <subfield code="c">c2004.</subfield>
          </datafield>
          <datafield tag="300" ind1=" " ind2=" ">
            <subfield code="a">187 p. :</subfield>
            <subfield code="b">ill. ;</subfield>
            <subfield code="c">22 cm.</subfield>
          </datafield>
          <datafield tag="490" ind1="1" ind2=" ">
            <subfield code="a">An "Uncle Eric" book</subfield>
          </datafield>
          <datafield tag="504" ind1=" " ind2=" ">
            <subfield code="a">Includes bibliographical references (p. 169-174) and index.</subfield>
          </datafield>
          <datafield tag="505" ind1="0" ind2=" ">
            <subfield code="a">How the mind works -- How we understand our world -- Building mental pictures -- Sorting data -- Where is the evidence? -- How to learn or teach models -- Two highly important models -- History without models -- A model for selecting models -- Does it predict? -- A way to test a model you are not qualified to test -- Beware of tautology -- How to control people -- Cognitive dissonance -- How to stop learning -- Automatic evil -- Models tend to merge -- How to get started learning models -- The best model for success -- What is success? -- A short history of models for success -- Another mouth to feed -- A model born of desperation -- Making your model work -- How to acquire a business -- What kind of millionaire do you want to be? -- Savings and investments -- Social security -- Investment advisors -- Negative real interest rates -- How to keep what you have earned -- Summary.</subfield>
          </datafield>
          <datafield tag="650" ind1=" " ind2="0">
            <subfield code="a">Economics</subfield>
            <subfield code="x">Study and teaching</subfield>
            <subfield code="v">Juvenile literature.</subfield>
          </datafield>
          <datafield tag="650" ind1=" " ind2="0">
            <subfield code="a">Law</subfield>
            <subfield code="x">Study and teaching</subfield>
            <subfield code="v">Juvenile literature.</subfield>
          </datafield>
          <datafield tag="650" ind1=" " ind2="0">
            <subfield code="a">Children</subfield>
            <subfield code="x">Vocational guidance</subfield>
            <subfield code="z">United States</subfield>
            <subfield code="v">Juvenile literature.</subfield>
          </datafield>
          <datafield tag="650" ind1=" " ind2="0">
            <subfield code="a">Entrepreneurship</subfield>
            <subfield code="v">Juvenile literature.</subfield>
          </datafield>
          <datafield tag="650" ind1=" " ind2="0">
            <subfield code="a">Financial security</subfield>
            <subfield code="v">Juvenile literature.</subfield>
          </datafield>
          <datafield tag="700" ind1="1" ind2=" ">
            <subfield code="a">Williams, Jane A.,</subfield>
            <subfield code="d">1950-</subfield>
          </datafield>
          <datafield tag="700" ind1="1" ind2=" ">
            <subfield code="a">Daniels, Kathryn Ann.</subfield>
          </datafield>
          <datafield tag="800" ind1="1" ind2=" ">
            <subfield code="a">Maybury, Rick.</subfield>
            <subfield code="t">"Uncle Eric" book.</subfield>
          </datafield>
          <datafield tag="856" ind1="4" ind2="1">
            <subfield code="3">Table of contents</subfield>
            <subfield code="u">http://www.loc.gov/catdir/toc/ecip0413/2004000121.html</subfield>
          </datafield>
        </record>
      </zs:recordData>
      <zs:recordPosition>17</zs:recordPosition>
    </zs:record>