
    <zs:record>
      <zs:recordSchema/>
      <zs:recordPacking>xml</zs:recordPacking>
      <zs:recordData>
        <record xmlns="http://www.loc.gov/MARC21/slim">
          <leader>00854cam a22002294a 4500</leader>
          <controlfield tag="001">14543528</controlfield>
          <controlfield tag="005">20070411085744.0</controlfield>
          <controlfield tag="008">060909s2006    txu           001 0 eng  </controlfield>
          <datafield tag="906" ind1=" " ind2=" ">
            <subfield code="a">7</subfield>
            <subfield code="b">cbc</subfield>
            <subfield code="c">orignew</subfield>
            <subfield code="d">3</subfield>
            <subfield code="e">ncip</subfield>
            <subfield code="f">20</subfield>
            <subfield code="g">y-gencatlg</subfield>
          </datafield>
          <datafield tag="925" ind1="0" ind2=" ">
            <subfield code="a">acquire</subfield>
            <subfield code="b">1 shelf copy</subfield>
            <subfield code="x">policy default</subfield>
          </datafield>
          <datafield tag="955" ind1=" " ind2=" ">
            <subfield code="a">pc21 2006-09-09 to ASCD</subfield>
            <subfield code="a">jb00 2006-09-22</subfield>
            <subfield code="i">jb08 2007-03-26</subfield>
            <subfield code="e">jb08 2007-03-26 to BCCD</subfield>
          </datafield>
          <datafield tag="010" ind1=" " ind2=" ">
            <subfield code="a">  2006903954</subfield>
          </datafield>
          <datafield tag="020" ind1=" " ind2=" ">
            <subfield code="a">0976645629</subfield>
          </datafield>
          <datafield tag="040" ind1=" " ind2=" ">
            <subfield code="a">DLC</subfield>
            <subfield code="c">DLC</subfield>
            <subfield code="d">DLC</subfield>
          </datafield>
          <datafield tag="050" ind1="0" ind2="0">
            <subfield code="a">R727.3</subfield>
            <subfield code="b">.W55 2006</subfield>
          </datafield>
          <datafield tag="100" ind1="1" ind2=" ">
            <subfield code="a">Williams, Jane.</subfield>
          </datafield>
          <datafield tag="245" ind1="1" ind2="0">
            <subfield code="a">Patient self-help guide :</subfield>
            <subfield code="b">how to talk to your doctor /</subfield>
            <subfield code="c">Jane Williams.</subfield>
          </datafield>
          <datafield tag="260" ind1=" " ind2=" ">
            <subfield code="a">Arlington, Tex. :</subfield>
            <subfield code="b">Principle Publications,</subfield>
            <subfield code="c">c2006.</subfield>
          </datafield>
          <datafield tag="300" ind1=" " ind2=" ">
            <subfield code="a">186 p. ;</subfield>
            <subfield code="c">22 cm.</subfield>
          </datafield>
          <datafield tag="650" ind1=" " ind2="0">
            <subfield code="a">Physician and patient.</subfield>
          </datafield>
          <datafield tag="650" ind1=" " ind2="0">
            <subfield code="a">Communication in medicine.</subfield>
          </datafield>
          <datafield tag="856" ind1="4" ind2="1">
            <subfield code="3">Table of contents only</subfield>
            <subfield code="u">http://www.loc.gov/catdir/toc/fy0708/2006903954.html</subfield>
          </datafield>
        </record>
      </zs:recordData>
      <zs:recordPosition>24</zs:recordPosition>
    </zs:record>