
    <zs:record>
      <zs:recordSchema/>
      <zs:recordPacking>xml</zs:recordPacking>
      <zs:recordData>
        <record xmlns="http://www.loc.gov/MARC21/slim">
          <leader>01191cam a22002654a 4500</leader>
          <controlfield tag="001">14301711</controlfield>
          <controlfield tag="005">20070620093139.0</controlfield>
          <controlfield tag="008">060316s2006    maua          000 0 eng  </controlfield>
          <datafield tag="906" ind1=" " ind2=" ">
            <subfield code="a">7</subfield>
            <subfield code="b">cbc</subfield>
            <subfield code="c">orignew</subfield>
            <subfield code="d">1</subfield>
            <subfield code="e">ecip</subfield>
            <subfield code="f">20</subfield>
            <subfield code="g">y-gencatlg</subfield>
          </datafield>
          <datafield tag="925" ind1="0" ind2=" ">
            <subfield code="a">acquire</subfield>
            <subfield code="b">2 shelf copies</subfield>
            <subfield code="x">policy default</subfield>
          </datafield>
          <datafield tag="955" ind1=" " ind2=" ">
            <subfield code="a">sh48 2006-03-16</subfield>
            <subfield code="c">sh48 2006-03-16</subfield>
            <subfield code="d">sh13 2006-03-21</subfield>
            <subfield code="e">sh13 2006-03-21 to Dewey</subfield>
            <subfield code="a">aa17 2006-03-22</subfield>
            <subfield code="a">ps10 2007-01-08 1 copy rec'd., to CIP ver.</subfield>
            <subfield code="f">pv17 2007-01-11 CIP ver to BCCD</subfield>
            <subfield code="e">th14 2007-06-20 reclassed from BJ52.L43 &amp; Copy 1 to CALM</subfield>
          </datafield>
          <datafield tag="010" ind1=" " ind2=" ">
            <subfield code="a">  2006009157</subfield>
          </datafield>
          <datafield tag="020" ind1=" " ind2=" ">
            <subfield code="a">081980780X</subfield>
          </datafield>
          <datafield tag="040" ind1=" " ind2=" ">
            <subfield code="a">DLC</subfield>
            <subfield code="c">DLC</subfield>
            <subfield code="d">DLC</subfield>
          </datafield>
          <datafield tag="042" ind1=" " ind2=" ">
            <subfield code="a">pcc</subfield>
          </datafield>
          <datafield tag="050" ind1="0" ind2="0">
            <subfield code="a">BV45</subfield>
            <subfield code="b">.W535 2006</subfield>
          </datafield>
          <datafield tag="082" ind1="0" ind2="0">
            <subfield code="a">242/.335</subfield>
            <subfield code="2">22</subfield>
          </datafield>
          <datafield tag="100" ind1="1" ind2=" ">
            <subfield code="a">Williams, Jane,</subfield>
            <subfield code="d">1957-</subfield>
          </datafield>
          <datafield tag="245" ind1="1" ind2="0">
            <subfield code="a">Approaching Christmas /</subfield>
            <subfield code="c">Jane Williams.</subfield>
          </datafield>
          <datafield tag="250" ind1=" " ind2=" ">
            <subfield code="a">1st North American ed.</subfield>
          </datafield>
          <datafield tag="260" ind1=" " ind2=" ">
            <subfield code="a">Boston, Mass. :</subfield>
            <subfield code="b">Pauline Books &amp; Media,</subfield>
            <subfield code="c">2006.</subfield>
          </datafield>
          <datafield tag="300" ind1=" " ind2=" ">
            <subfield code="a">128 p. :</subfield>
            <subfield code="b">ill. (chiefly col.) ;</subfield>
            <subfield code="c">20 cm.</subfield>
          </datafield>
          <datafield tag="505" ind1="0" ind2=" ">
            <subfield code="a">Christmas spirit -- Making lists -- Decorations -- Gifts -- Christmas trees -- Music -- Food -- Family -- Christmas Eve -- Epiphany.</subfield>
          </datafield>
          <datafield tag="650" ind1=" " ind2="0">
            <subfield code="a">Christmas</subfield>
            <subfield code="v">Meditations.</subfield>
          </datafield>
          <datafield tag="856" ind1="4" ind2="1">
            <subfield code="3">Table of contents only</subfield>
            <subfield code="u">http://www.loc.gov/catdir/toc/ecip0610/2006009157.html</subfield>
          </datafield>
        </record>
      </zs:recordData>
      <zs:recordPosition>31</zs:recordPosition>
    </zs:record>